<?xml version="1.0" encoding="UTF-8"?><collection xmlns="http://www.loc.gov/MARC21/slim"><record><leader>00396nam--2200133-i-4500</leader><controlfield tag="001">000022959</controlfield><controlfield tag="002">20161230</controlfield><controlfield tag="005">20161230201034</controlfield><controlfield tag="008">060222s1000------------r-----000-0-eng-d</controlfield><datafield ind1=" " ind2=" " tag="080"><subfield code="a">530.145</subfield></datafield><datafield ind1=" " ind2=" " tag="100"><subfield code="a">Hsue, C.S., Sakita, B. And Virasoro, M.A</subfield></datafield><datafield ind1=" " ind2=" " tag="245"><subfield code="a">Formulation of dual theory in terms of functional integrations</subfield></datafield><datafield ind1=" " ind2=" " tag="260"><subfield code="a">Wisconsin, Univ.Of Wisconsin, 1970. 29p. + 6 Fig</subfield></datafield><datafield ind1=" " ind2=" " tag="852"><subfield code="a">32761</subfield></datafield></record></collection>